@book{barry2008,
	author={Barry, Roger G.},
	title={Mountain Weather and Climate},
	edition={3},
	year={2008},
	publisher={Cambridge University Press},
	pagetotal={532}
}

@conference{dempsey-davis1998,
	author={Dave Dempsey and Chris Davis},
	title={Error analyses and test of pressure gradient force schemes in nonhydrostatic, mesoscale model},
	year={1998},
	pages={236--239},
	publisher=AMS,
	booktitle={12th Conf. on Numerical Weather Prediction},
	venue={Phoenix, AZ}
}

@article{galchen-somerville1975,
	title={On the Use of a Coordinate Transformation for the Solution of the Navier-Stokes Equations},
	author={Gal-Chen, Tzvi and Somerville, Richard CJ},
	journal=JCompPhys,
	volume={17},
	number={2},
	pages={209--228},
	year={1975},
	publisher={Elsevier}
}

@article{good2013,
	author = {Good, Beth and Gadian, Alan and Lock, Sarah-Jane and Ross, Andrew},
	title = {Performance of the cut-cell method of representing orography in idealized simulations},
	Journal = {Atmospheric Science Letters},
	Year = {2014},
	Volume = {15},
	Number = {1},
	Pages = {44--49},
	Month = {Jan},
	DOI = {10.1002/asl2.465},
	ISSN = {1530-261X},
	Publisher = {John Wiley \& Sons, Ltd},
}

@article{klemp2011,
	title={A terrain-following coordinate with smoothed coordinate surfaces},
	author={Klemp, Joseph B},
	journal=MonWeatherRev,
	volume={139},
	number={7},
	pages={2163--2169},
	year={2011}
}

@article{lott-miller1997,
	title={A new subgrid-scale orographic drag parametrization: Its formulation and testing},
	author={Lott, Fran{\c{c}}ois and Miller, Martin J},
	journal=QJRMetS,
	volume={123},
	number={537},
	pages={101--127},
	year={1997},
	publisher={Wiley Online Library}
}

@article{jebens2011,
	title={Partially implicit peer methods for the compressible Euler equations},
	author={Jebens, Stefan and Knoth, Oswald and Weiner, R{\"u}diger},
	journal=JCompPhys,
	volume={230},
	number={12},
	pages={4955--4974},
	year={2011},
	publisher={Elsevier}
}

@article{mcfarlane1987,
	title={The effect of orographically excited gravity wave drag on the general circulation of the lower stratosphere and troposphere},
	author={McFarlane, NA},
	journal=JAtmosSci,
	volume={44},
	number={14},
	pages={1775--1800},
	year={1987}
}

@article{schaer2002,
	title={A new terrain-following vertical coordinate formulation for atmospheric prediction models},
	author={Sch{\"a}r, Christoph and Leuenberger, Daniel and Fuhrer, Oliver and L{\"u}thi, Daniel and Girard, Claude},
	journal=MonWeatherRev,
	volume={130},
	number={10},
	pages={2459--2480},
	year={2002}
}

@article{simmons-burridge1981,
	title={An energy and angular-momentum conserving vertical finite-difference scheme and hybrid vertical coordinates},
	author={Simmons, Adrian J and Burridge, David M},
	journal=MonWeatherRev,
	volume={109},
	number={4},
	pages={758--766},
	year={1981}
}

@article{steppeler2003,
	title={Review of numerical methods for nonhydrostatic weather prediction models},
	author={Steppeler, J and Hess, R and Sch{\"a}ttler, U and Bonaventura, Luca},
	journal={Meteorology and Atmospheric Physics},
	volume={82},
	number={1-4},
	pages={287--301},
	year={2003},
	publisher={Springer}
}
