@string{JCompPhys="J. Comp. Phys."}
@string{MonWeatherRev="Mon. Wea. Rev."}
@string{QJRMetS="Quart. J. Roy. Meteor. Soc."}
@string{JAtmosSci="J. Atmos. Sci."}

@string{AMS="Amer. Meteor. Soc."}
